@article{Mora2017,
  title={Global risk of deadly heat},
  author={Mora, Camilo and Dousset, B{\'e}n{\'e}dicte and Caldwell, Iain R and Powell, Farrah E and Geronimo, Rollan C and Bielecki, Coral R and Counsell, Chelsie WW and Dietrich, Bonnie S and Johnston, Emily T and Louis, Leo V and others},
  journal={Nature Climate Change},
  volume={7},
  number={7},
  pages={501--506},
  year={2017},
  publisher={Nature Publishing Group}
}

@article{Watts2021,
  title={The 2020 report of The Lancet Countdown on health and climate change: responding to converging crises},
  author={Watts, Nick and Amann, Markus and Arnell, Nigel and Ayeb-Karlsson, Sonja and Beagley, Jessica and Belesova, Kristine and Boykoff, Maxwell and Byass, Peter and Cai, Wenjia and Campbell-Lendrum, Diarmid and others},
  journal={The Lancet},
  volume={397},
  number={10269},
  pages={129--170},
  year={2021},
  publisher={Elsevier}
}

@article{Engelbrecht2015,
  title={Projections of rapidly rising surface temperatures over Africa under low mitigation},
  author={Engelbrecht, Francois and Adegoke, Jimmy and Bopape, Mary-Jane and Naidoo, Mogesh and Garland, Rebecca and Thatcher, Marcus and McGregor, John and Katzfey, Jack and Werner, Matthias and Ichoku, Charles and others},
  journal={Environmental Research Letters},
  volume={10},
  number={8},
  pages={085004},
  year={2015},
  publisher={IOP Publishing}
}

@article{Vogel2019,
  title={Climate change impacts on exposure to heat stress in urban environments},
  author={Vogel, Martha M and Orth, Ren{\'e} and Cheruy, Fr{\'e}d{\'e}rique and Hagemann, Stefan and Lorenz, Ruth and van den Hurk, Bart JJM and Seneviratne, Sonia I},
  journal={Environmental Research Letters},
  volume={14},
  number={6},
  pages={064003},
  year={2019},
  publisher={IOP Publishing}
}

@article{Garland2015,
  title={Regional projections of extreme apparent temperature days in Africa and the related potential risk to human health},
  author={Garland, Rebecca M and Matooane, Mamopeli and Engelbrecht, Francois A and Bopape, Mary-Jane M and Landman, Willem A and Naidoo, Mogesh and van der Merwe, Johan and Wright, Caradee Y},
  journal={International Journal of Environmental Research and Public Health},
  volume={12},
  number={10},
  pages={12577--12604},
  year={2015},
  publisher={MDPI}
}

@article{MacLeod2021,
  title={Climate change and health in urban Africa: a systematic review and meta-analysis},
  author={MacLeod, David and Jimoh, Olalekan and Wright, Caradee},
  journal={Environmental Research Letters},
  volume={16},
  number={4},
  pages={044023},
  year={2021},
  publisher={IOP Publishing}
}

@article{Green2019,
  title={Impact of heat on mortality and morbidity in low and middle income countries: a review of the epidemiological evidence and considerations for future research},
  author={Green, Harriet and Bailey, Jennifer and Schwarz, Lara and Vanos, Jennifer and Ebi, Kristie and Benmarhnia, Tarik},
  journal={Environmental Research},
  volume={171},
  pages={80--91},
  year={2019},
  publisher={Elsevier}
}

@article{Chersich2018,
  title={Associations between high temperatures in pregnancy and risk of preterm birth, low birth weight, and stillbirths: systematic review and meta-analysis},
  author={Chersich, Matthew F and Pham, Minh Duc and Areal, Ashtyn and Haghighi, Marjan M and Manyuchi, Albert and Swift, Christopher P and Wernecke, Bianca and Robinson, Matthew and Hetem, Robyn and Boeckmann, Melanie and others},
  journal={BMJ},
  volume={371},
  pages={m3811},
  year={2020},
  publisher={BMJ Publishing Group}
}

@article{Gronlund2014,
  title={Heat, heat waves, and hospital admissions among the elderly in the United States, 1992--2006},
  author={Gronlund, Carina J and Zanobetti, Antonella and Schwartz, Joel D and Wellenius, Gregory A and O'Neill, Marie S},
  journal={Environmental Health Perspectives},
  volume={122},
  number={11},
  pages={1187--1192},
  year={2014},
  publisher={National Institute of Environmental Health Sciences}
}

@article{Benmarhnia2015,
  title={Review article: vulnerability to heat-related mortality: a systematic review, meta-analysis, and meta-regression analysis},
  author={Benmarhnia, Tarik and Deguen, S{\'e}verine and Kaufman, Jay S and Smargiassi, Audrey},
  journal={Epidemiology},
  volume={26},
  number={6},
  pages={781--793},
  year={2015},
  publisher={LWW}
}

@article{Kenny2018,
  title={Heat stress in older individuals and patients with common chronic diseases},
  author={Kenny, Glen P and Yardley, Jane and Brown, Candice and Sigal, Ronald J and Jay, Ollie},
  journal={CMAJ},
  volume={182},
  number={10},
  pages={1053--1060},
  year={2018},
  publisher={Canadian Medical Association}
}

@article{Periard2021,
  title={Cardiovascular adaptations supporting human exercise-heat acclimation},
  author={P{\'e}riard, Julien D and Travers, Gavin JS and Racinais, Sebastien and Sawka, Michael N},
  journal={Autonomic Neuroscience},
  volume={196},
  pages={52--62},
  year={2021},
  publisher={Elsevier}
}

@article{Kovats2008,
  title={Heat stress and public health: a critical review},
  author={Kovats, R Sari and Hajat, Shakoor},
  journal={Annual Review of Public Health},
  volume={29},
  pages={41--55},
  year={2008},
  publisher={Annual Reviews}
}

@article{Bunker2016,
  title={Effects of air temperature on climate-sensitive mortality and morbidity outcomes in the elderly: a systematic review and meta-analysis of epidemiological evidence},
  author={Bunker, Aditi and Wildenhain, Jan and Vandenbergh, Alina and Henschke, Nicholas and Rockl{\"o}v, Joacim and Hajat, Shakoor and Sauerborn, Rainer},
  journal={EBioMedicine},
  volume={6},
  pages={258--268},
  year={2016},
  publisher={Elsevier}
}

@article{Lim2018,
  title={Effects of diurnal temperature range on cardiovascular and respiratory hospital admissions in Korea},
  author={Lim, Youn-Hee and Reid, Colleen E and Mann, Jennifer K and Jerrett, Michael and Kim, Ho},
  journal={Science of The Total Environment},
  volume={617},
  pages={55--62},
  year={2018},
  publisher={Elsevier}
}

@article{Westwood2021,
  title={The effects of temperature on metabolic rate and protein synthesis in juvenile Atlantic halibut},
  author={Westwood, Melissa L and Koch, Lisa M and Rehan, Sandra M and O'Brien, Kristin M},
  journal={Comparative Biochemistry and Physiology Part A: Molecular \& Integrative Physiology},
  volume={253},
  pages={110867},
  year={2021},
  publisher={Elsevier}
}

@article{Rajkomar2019,
  title={Machine learning in medicine: addressing clinical problems},
  author={Rajkomar, Alvin and Dean, Jeffrey and Kohane, Isaac},
  journal={New England Journal of Medicine},
  volume={380},
  number={14},
  pages={1347--1358},
  year={2019},
  publisher={Mass Medical Soc}
}

@article{Beam2021,
  title={Artificial intelligence in medicine},
  author={Beam, Andrew L and Manrai, Arjun K and Ghassemi, Marzyeh},
  journal={New England Journal of Medicine},
  volume={385},
  number={13},
  pages={1207--1219},
  year={2021},
  publisher={Mass Medical Soc}
}

@article{Lundberg2017,
  title={A unified approach to interpreting model predictions},
  author={Lundberg, Scott M and Lee, Su-In},
  journal={Advances in Neural Information Processing Systems},
  volume={30},
  pages={4765--4774},
  year={2017}
}

@article{Lundberg2020,
  title={From local explanations to global understanding with explainable AI for trees},
  author={Lundberg, Scott M and Erion, Gabriel and Chen, Hugh and DeGrave, Alex and Prutkin, Jordan M and Nair, Bala and Katz, Ronit and Himmelfarb, Jonathan and Bansal, Nisha and Lee, Su-In},
  journal={Nature Machine Intelligence},
  volume={2},
  number={1},
  pages={56--67},
  year={2020},
  publisher={Nature Publishing Group}
}

@article{Nori2019,
  title={InterpretML: A unified framework for machine learning interpretability},
  author={Nori, Harsha and Jenkins, Samuel and Koch, Paul and Caruana, Rich},
  journal={arXiv preprint arXiv:1909.09223},
  year={2019}
}

@article{Chen2022,
  title={Explainable medical imaging AI needs human-centered design: guidelines and evidence from a systematic review},
  author={Chen, Haomin and Gomez, Catalina and Huang, Chien-Ming and Unberath, Mathias},
  journal={npj Digital Medicine},
  volume={5},
  number={1},
  pages={156},
  year={2022},
  publisher={Nature Publishing Group}
}

@article{Hersbach2020,
  title={The ERA5 global reanalysis},
  author={Hersbach, Hans and Bell, Bill and Berrisford, Paul and Hirahara, Shoji and Hor{\'a}nyi, Andr{\'a}s and Mu{\~n}oz-Sabater, Joaqu{\'\i}n and Nicolas, Julien and Peubey, Carole and Radu, Raluca and Schepers, Dinand and others},
  journal={Quarterly Journal of the Royal Meteorological Society},
  volume={146},
  number={730},
  pages={1999--2049},
  year={2020},
  publisher={Wiley Online Library}
}

@article{Skamarock2019,
  title={A description of the advanced research WRF model version 4},
  author={Skamarock, William C and Klemp, Joseph B and Dudhia, Jimy and Gill, David O and Liu, Zhiquan and Berner, Judith and Wang, Wei and Powers, Jordan G and Duda, Michael G and Barker, Dale M and others},
  journal={NCAR Technical Note NCAR/TN-556+STR},
  year={2019}
}

@article{Wan2021,
  title={New refinements and validation of the collection-6 MODIS land-surface temperature/emissivity product},
  author={Wan, Zhengming},
  journal={Remote Sensing of Environment},
  volume={112},
  number={1},
  pages={59--74},
  year={2021},
  publisher={Elsevier}
}

@article{Seedat2014,
  title={South African hypertension guideline 2014},
  author={Seedat, YK and Rayner, BL and Veriava, Y},
  journal={Cardiovascular Journal of Africa},
  volume={25},
  number={6},
  pages={288--294},
  year={2014}
}

@article{DeKadt2021,
  title={Quality of Life Survey 6 (2020/21): Overview Report},
  author={de Kadt, Julia and Ballard, Christian and G{\"o}tz, Graeme and Hamann, Christian and Maree, Gillian and Mkhize, Sthembiso and Parker, Alexandra and Wray, Christopher},
  journal={Gauteng City-Region Observatory},
  year={2021},
  publisher={GCRO}
}

@article{Chen2016,
  title={XGBoost: A scalable tree boosting system},
  author={Chen, Tianqi and Guestrin, Carlos},
  journal={Proceedings of the 22nd ACM SIGKDD International Conference on Knowledge Discovery and Data Mining},
  pages={785--794},
  year={2016}
}

@article{Breiman2001,
  title={Random forests},
  author={Breiman, Leo},
  journal={Machine Learning},
  volume={45},
  number={1},
  pages={5--32},
  year={2001},
  publisher={Springer}
}

@article{Quinn2014,
  title={Health symptoms in relation to temperature, humidity, and self-reported perceptions of climate in New York City residential environments},
  author={Quinn, Ashlinn and Shaman, Jeffrey},
  journal={International Journal of Biometeorology},
  volume={61},
  number={7},
  pages={1209--1220},
  year={2014},
  publisher={Springer}
}

@article{Tham2020,
  title={Indoor temperature and health: a global systematic review},
  author={Tham, Shuai and Thompson, Rachel and Landeg, Owen and Murray, Kimberly A and Waite, Thomas},
  journal={Public Health},
  volume={179},
  pages={9--17},
  year={2020},
  publisher={Elsevier}
}

@article{Gagnon2013,
  title={Sex differences in thermoeffector responses during exercise at fixed requirements for heat loss},
  author={Gagnon, Daniel and Kenny, Glen P},
  journal={Journal of Applied Physiology},
  volume={114},
  number={7},
  pages={854--863},
  year={2013},
  publisher={American Physiological Society}
}

@article{Charkoudian2017,
  title={Autonomic control of body temperature and blood pressure: influences of female sex hormones},
  author={Charkoudian, Nisha and Stachenfeld, Nina},
  journal={Clinical Autonomic Research},
  volume={27},
  number={3},
  pages={149--155},
  year={2017},
  publisher={Springer}
}