@article{watts2019lancet,
  title={The 2019 report of The Lancet Countdown on health and climate change: ensuring that the health of a child born today is not defined by a changing climate},
  author={Watts, Nick and Amann, Markus and Arnell, Nigel and others},
  journal={The Lancet},
  volume={394},
  number={10211},
  pages={1836--1878},
  year={2019},
  publisher={Elsevier}
}

@incollection{hoegh2018impacts,
  title={Impacts of 1.5°C global warming on natural and human systems},
  author={Hoegh-Guldberg, Ove and Jacob, Daniela and Bindi, Marco and others},
  booktitle={Global warming of 1.5°C. IPCC Special Report},
  year={2018},
  publisher={IPCC}
}

@article{campbell2018heatwave,
  title={Heatwave and health impact research: A global review},
  author={Campbell, Sarah and Remenyi, Tomas A and White, Christopher J and Johnston, Fay H},
  journal={Health \& Place},
  volume={53},
  pages={210--218},
  year={2018},
  publisher={Elsevier}
}

@article{zhao2021mortality,
  title={Global, regional, and national burden of mortality associated with non-optimal ambient temperatures from 2000 to 2019: a three-stage modelling study},
  author={Zhao, Qi and Guo, Yuming and Ye, Tingting and others},
  journal={The Lancet Planetary Health},
  volume={5},
  number={7},
  pages={e415--e425},
  year={2021},
  publisher={Elsevier}
}

@article{honda2014heat,
  title={Heat-related mortality risk model for climate change impact projection},
  author={Honda, Yasushi and Kondo, Masahiro and McGregor, Glenn and others},
  journal={Environmental Health and Preventive Medicine},
  volume={19},
  number={1},
  pages={56--63},
  year={2014},
  publisher={Springer}
}

@article{vicedo2021burden,
  title={The burden of heat-related mortality attributable to recent human-induced climate change},
  author={Vicedo-Cabrera, Ana Maria and Scovronick, Noah and Sera, Francesco and others},
  journal={Nature Climate Change},
  volume={11},
  number={6},
  pages={492--500},
  year={2021},
  publisher={Nature Publishing Group}
}

@article{reid2009mapping,
  title={Mapping community determinants of heat vulnerability},
  author={Reid, Colleen E and O'Neill, Marie S and Gronlund, Carina J and others},
  journal={Environmental Health Perspectives},
  volume={117},
  number={11},
  pages={1730--1736},
  year={2009},
  publisher={National Institute of Environmental Health Sciences}
}

@article{benmarhnia2015vulnerability,
  title={Review article: vulnerability to heat-related mortality: a systematic review, meta-analysis, and meta-regression analysis},
  author={Benmarhnia, Tarik and Deguen, Severine and Kaufman, Jay S and Smargiassi, Audrey},
  journal={Epidemiology},
  volume={26},
  number={6},
  pages={781--793},
  year={2015},
  publisher={LWW}
}

@article{turok2012urbanisation,
  title={Urbanisation and development in South Africa: economic imperatives, spatial distortions and strategic responses},
  author={Turok, Ivan},
  journal={Urbanisation and Development},
  volume={1},
  number={1},
  pages={1--19},
  year={2012}
}

@article{wilkinson2000johannesburg,
  title={City profile: Johannesburg},
  author={Wilkinson, Peter},
  journal={Cities},
  volume={17},
  number={3},
  pages={195--203},
  year={2000},
  publisher={Elsevier}
}

@article{rajkomar2019machine,
  title={Machine learning in medicine},
  author={Rajkomar, Alvin and Dean, Jeffrey and Kohane, Isaac},
  journal={New England Journal of Medicine},
  volume={380},
  number={14},
  pages={1347--1358},
  year={2019},
  publisher={Mass Medical Soc}
}

@article{beam2018big,
  title={Big data and machine learning in health care},
  author={Beam, Andrew L and Kohane, Isaac S},
  journal={JAMA},
  volume={319},
  number={13},
  pages={1317--1318},
  year={2018},
  publisher={American Medical Association}
}

@inproceedings{lundberg2017unified,
  title={A unified approach to interpreting model predictions},
  author={Lundberg, Scott M and Lee, Su-In},
  booktitle={Advances in Neural Information Processing Systems},
  volume={30},
  pages={4765--4774},
  year={2017}
}

@article{hersbach2020era5,
  title={The ERA5 global reanalysis},
  author={Hersbach, Hans and Bell, Bill and Berrisford, Paul and others},
  journal={Quarterly Journal of the Royal Meteorological Society},
  volume={146},
  number={730},
  pages={1999--2049},
  year={2020},
  publisher={Wiley Online Library}
}

@techreport{skamarock2008wrf,
  title={A description of the advanced research WRF version 3},
  author={Skamarock, William C and Klemp, Joseph B and Dudhia, Jimy and others},
  year={2008},
  institution={National Center for Atmospheric Research}
}

@misc{wan2015mod11a1,
  title={MOD11A1 MODIS/Terra land surface temperature/emissivity daily L3 global 1km SIN grid V006},
  author={Wan, Zhengming and Hook, Simon and Hulley, Glynn},
  year={2015},
  publisher={NASA EOSDIS Land Processes DAAC}
}

@misc{saaqis2020,
  title={South African Air Quality Information System (SAAQIS)},
  author={{South African Weather Service}},
  year={2020},
  howpublished={\url{http://www.saaqis.environment.gov.za}}
}

@misc{gcro2020qol,
  title={Quality of Life Survey},
  author={{Gauteng City-Region Observatory}},
  year={2020},
  howpublished={\url{https://www.gcro.ac.za/research/project/quality-of-life-survey/}}
}

@inproceedings{chen2016xgboost,
  title={XGBoost: A scalable tree boosting system},
  author={Chen, Tianqi and Guestrin, Carlos},
  booktitle={Proceedings of the 22nd ACM SIGKDD International Conference on Knowledge Discovery and Data Mining},
  pages={785--794},
  year={2016}
}

@article{breiman2001random,
  title={Random forests},
  author={Breiman, Leo},
  journal={Machine Learning},
  volume={45},
  number={1},
  pages={5--32},
  year={2001},
  publisher={Springer}
}

@article{friedman2001greedy,
  title={Greedy function approximation: a gradient boosting machine},
  author={Friedman, Jerome H},
  journal={Annals of Statistics},
  volume={29},
  number={5},
  pages={1189--1232},
  year={2001},
  publisher={Institute of Mathematical Statistics}
}

@article{cheuvront2014dehydration,
  title={Dehydration: physiology, assessment, and performance effects},
  author={Cheuvront, Samuel N and Kenefick, Robert W},
  journal={Comprehensive Physiology},
  volume={4},
  number={1},
  pages={257--285},
  year={2014},
  publisher={Wiley Online Library}
}

@article{armstrong2012dehydration,
  title={Mild dehydration affects mood in healthy young women},
  author={Armstrong, Lawrence E and Ganio, Matthew S and Casa, Douglas J and others},
  journal={Journal of Nutrition},
  volume={142},
  number={2},
  pages={382--388},
  year={2012},
  publisher={Oxford University Press}
}

@article{kanikowska2015biorhythms,
  title={Contribution of daily and seasonal biorhythms to obesity in humans},
  author={Kanikowska, Dominika and Sato, Maki and Witowski, Janusz},
  journal={International Journal of Biometeorology},
  volume={59},
  number={4},
  pages={377--384},
  year={2015},
  publisher={Springer}
}

@article{carrillo2015heart,
  title={Heart rate variability during high ambient heat exposure in healthy adults},
  author={Carrillo, Andres E and Flouris, Andreas D and Herry, Christophe L and others},
  journal={European Journal of Applied Physiology},
  volume={115},
  number={12},
  pages={2685--2692},
  year={2015},
  publisher={Springer}
}

@article{obradovich2017nighttime,
  title={Nighttime temperature and human sleep loss in a changing climate},
  author={Obradovich, Nick and Migliorini, Roberta and Mednick, Sara C and Fowler, James H},
  journal={Science Advances},
  volume={3},
  number={5},
  pages={e1601555},
  year={2017},
  publisher={American Association for the Advancement of Science}
}

@techreport{park2018households,
  title={Households and heat: understanding the cooling challenge},
  author={Park, Jisung and Bangalore, Mook and Hallegatte, Stephane and Sandhoefner, Evan},
  year={2018},
  institution={World Bank Group}
}

@article{westaway2015medicines,
  title={Medicines can affect thermoregulation and accentuate the risk of dehydration and heat-related illness during hot weather},
  author={Westaway, Kate and Frank, Owen and Husband, Andrew and others},
  journal={Journal of Clinical Pharmacy and Therapeutics},
  volume={40},
  number={4},
  pages={363--367},
  year={2015},
  publisher={Wiley Online Library}
}

@article{tyler2016heat,
  title={The effects of heat adaptation on physiology, perception and exercise-heat stress},
  author={Tyler, Christopher J and Reeve, Tom and Hodges, Gary J and Cheung, Stephen S},
  journal={Sports Medicine},
  volume={46},
  number={11},
  pages={1699--1723},
  year={2016},
  publisher={Springer}
}

@article{periard2015adaptations,
  title={Adaptations and mechanisms of human heat acclimation: applications for competitive athletes and sports},
  author={Periard, Julien D and Racinais, Sebastien and Sawka, Michael N},
  journal={Scandinavian Journal of Medicine \& Science in Sports},
  volume={25},
  pages={20--38},
  year={2015},
  publisher={Wiley Online Library}
}

@article{vardoulakis2014comparative,
  title={Comparative assessment of the effects of climate change on heat-and cold-related mortality in the United Kingdom and Australia},
  author={Vardoulakis, Sotiris and Dear, Keith and Hajek, Jiri and others},
  journal={Environmental Health Perspectives},
  volume={122},
  number={12},
  pages={1285--1292},
  year={2014},
  publisher={National Institute of Environmental Health Sciences}
}

@article{loughnan2010effects,
  title={The effects of summer temperature, age and socioeconomic circumstance on Acute Myocardial Infarction admissions in Melbourne, Australia},
  author={Loughnan, Margaret E and Nicholls, Neville and Tapper, Nigel J},
  journal={International Journal of Health Geographics},
  volume={9},
  number={1},
  pages={41},
  year={2010},
  publisher={BioMed Central}
}

@incollection{hajek2019climate,
  title={Climate change, heat waves, and cold spells: impacts on health},
  author={Hajek, Jiri and Vardoulakis, Sotiris and Heaviside, Clare and Eggen, Bernadette},
  booktitle={Environmental Health Risks},
  pages={67--78},
  year={2019},
  publisher={Springer}
}

@article{malin2018developing,
  title={Developing deeply intersectional environmental justice scholarship},
  author={Malin, Stephanie A and Ryder, Stacia S},
  journal={Environmental Sociology},
  volume={4},
  number={1},
  pages={1--7},
  year={2018},
  publisher={Taylor \& Francis}
}

@article{xiang2014health,
  title={Health impacts of workplace heat exposure: an epidemiological review},
  author={Xiang, Jianjun and Bi, Peng and Pisaniello, Dino and Hansen, Alana},
  journal={Industrial Health},
  volume={52},
  number={2},
  pages={91--101},
  year={2014},
  publisher={National Institute of Occupational Safety and Health, Japan}
}

@article{bell2018changes,
  title={Changes in extreme events and the potential impacts on human health},
  author={Bell, Jesse E and Brown, Christa L and Conlon, Kathryn and others},
  journal={Journal of the Air \& Waste Management Association},
  volume={68},
  number={4},
  pages={265--287},
  year={2018},
  publisher={Taylor \& Francis}
}

@article{bullard2008toxic,
  title={Toxic wastes and race at twenty: why race still matters after all of these years},
  author={Bullard, Robert and Mohai, Paul and Saha, Robin and Chavis, Beverly},
  journal={Environmental Law},
  volume={38},
  pages={371--411},
  year={2008}
}

@techreport{islam2017climate,
  title={Climate change and social inequality},
  author={Islam, Nazrul and Winkel, John},
  year={2017},
  number={152},
  institution={UN Department of Economic and Social Affairs}
}

@article{charkoudian2016sex,
  title={Sex hormone effects on autonomic mechanisms of thermoregulation in humans},
  author={Charkoudian, Nisha and Stachenfeld, Nina S},
  journal={Autonomic Neuroscience},
  volume={196},
  pages={75--80},
  year={2016},
  publisher={Elsevier}
}

@article{stachenfeld2000estrogen,
  title={Estrogen modifies the temperature effects of progesterone},
  author={Stachenfeld, Nina S and Silva, Caridad and Keefe, Donna L},
  journal={Journal of Applied Physiology},
  volume={88},
  number={5},
  pages={1643--1649},
  year={2000},
  publisher={American Physiological Society}
}

@article{havenith2016thermal,
  title={Thermal indices and thermophysiological modeling for heat stress},
  author={Havenith, George and Fiala, Dusan},
  journal={Comprehensive Physiology},
  volume={6},
  number={1},
  pages={255--302},
  year={2016},
  publisher={Wiley Online Library}
}

@article{notley2019revisiting,
  title={Revisiting the influence of individual factors on heat exchange during exercise in dry heat using direct calorimetry},
  author={Notley, Sean R and Lamarche, Daniel T and Meade, Robert D and others},
  journal={Experimental Physiology},
  volume={104},
  number={7},
  pages={1038--1050},
  year={2019},
  publisher={Wiley Online Library}
}

@article{romeijn2011correlated,
  title={Correlated fluctuations in early-morning melatonin and temperature cycles in humans},
  author={Romeijn, Nayara and Van Someren, Eus JW},
  journal={Journal of Biological Rhythms},
  volume={26},
  number={4},
  pages={339--349},
  year={2011},
  publisher={Sage Publications Sage CA: Los Angeles, CA}
}

@article{nakamura2011central,
  title={Central circuitries for body temperature regulation and fever},
  author={Nakamura, Kazuhiro},
  journal={American Journal of Physiology-Regulatory, Integrative and Comparative Physiology},
  volume={301},
  number={5},
  pages={R1207--R1228},
  year={2011},
  publisher={American Physiological Society}
}

@article{flouris2018workers,
  title={Workers' health and productivity under occupational heat strain: a systematic review and meta-analysis},
  author={Flouris, Andreas D and Dinas, Petros C and Ioannou, Leonidas G and others},
  journal={The Lancet Planetary Health},
  volume={2},
  number={12},
  pages={e521--e531},
  year={2018},
  publisher={Elsevier}
}